<?xml version="1.0" encoding="UTF-8"?><collection xmlns="http://www.loc.gov/MARC21/slim"><record><leader>00323nam--2200109-i-4500</leader><controlfield tag="001">000022258</controlfield><controlfield tag="002">20161230</controlfield><controlfield tag="005">20161230201034</controlfield><controlfield tag="008">060222s1000------------r-----000-0-eng-d</controlfield><datafield ind1=" " ind2=" " tag="245"><subfield code="a">International conference on lattice dynamics. copenhagen, 5-9 august, 1963</subfield></datafield><datafield ind1=" " ind2=" " tag="260"><subfield code="a">Copenhagen, H.C.Orsted Institute, 1963, 103p</subfield></datafield><datafield ind1=" " ind2=" " tag="852"><subfield code="a">19437</subfield></datafield></record></collection>